@article{sha1,
  author  = {Marc Stevens and
  			Elie Bursztein and
            Pierre Karpman and
            Ange Albertini and
            Yarik Markov}, 
  title   = {The first collision for full {SHA-1}},
  year    = 2017
}

@online{avispa,
  title = {{AVISPA} Project},
  url = {http://web.archive.org/web/20170605125914/http://www.avispa-project.org/},
  note = {Accessed: 10-05-2017}
}

@book{tanenbaum,
  author    = {Andrew S. Tanenbaum and
  			   David J. Wetherall}, 
  title     = {Computer Networks},
  publisher = {Pearson},
  year      = 2011,
  edition   = 5,
  isbn      = {0132126958}
}

@online{ciatriad,
  author = {Margaret Rouse},
  title = {What is confidentiality, integrity, and availability ({CIA} triad)?},
  url = {http://web.archive.org/web/20170605130646/http://whatis.techtarget.com/definition/Confidentiality-integrity-and-availability-CIA},
  note = {Accessed: 15-05-2017}
}


@online{confidentiality,
  author = {Terry Chia},
  title = {Confidentiality, Integrity, Availability: The three components of the CIA Triad},
  year = 2012,
  url = {http://web.archive.org/web/20170605130733/http://security.blogoverflow.com/2012/08/confidentiality-integrity-availability-the-three-components-of-the-cia-triad/},
  note = {Accessed: 15-05-2017}
}

@online{integrity,
  author = {Margaret Rouse},
  title = {Data Integrity},
  year = 2005,
  url = {http://web.archive.org/web/20170605130806/http://searchdatacenter.techtarget.com/definition/integrity},
  note = {Accessed: 15-05-2017}
}

@online{identification,
  author = {Daniel Miessler},
  title = {Security: Identification, Authentication, and Authorization},
  year = 2005,
  url = {http://web.archive.org/web/20170605130910/https://danielmiessler.com/blog/security-identification-authentication-and-authorization/},
  note = {Accessed: 15-05-2017}
}

@online{ident,
  author = {Tom Leek},
  year = 2012,
  url = {http://web.archive.org/web/20170605130929/https://security.stackexchange.com/questions/10933/difference-between-authentication-and-identification-crypto-and-security-perspe},
  note = {Accessed: 15-05-2017}
}

@online{authfactor,
  author = {Margaret Rouse},
  title = {What is authentication factor?},
  year = 2014,
  url = {http://web.archive.org/web/20170605130956/http://searchsecurity.techtarget.com/definition/authentication-factor},
  note = {Accessed: 15-05-2017}
}

@online{authorization,
  author = {Boston University},
  title = {Understanding Authentication, Authorization, and Encryption},
  url = {http://web.archive.org/web/20170605131032/https://www.bu.edu/tech/about/security-resources/bestpractice/auth/},
  note = {Accessed: 15-05-2017}
}

@online{hash,
  title = {Cryptography Hash Functions},
  url = {http://web.archive.org/web/20170605131106/https://www.tutorialspoint.com/cryptography/cryptography_hash_functions.htm},
  note = {Accessed: 15-05-2017}
}

@article{otparticle,
  author  = {Ryoichi Isawa and
			 Masakatu Morii}, 
  title   = {One Time Password Scheme to Solve Stolen Verifier Problem},
  journal = {Information Processing Society of Japan and The Institute of Electronics, Information and Communication Engineers},
  year    = 2011
}

@online{otpworkk,
  author = {Melvin Peignon},
  year = 2017,
  url = {https://www.quora.com/Why-are-true-random-number-generators-more-secure-than-pseudo-random-number-generators},
  note = {Accessed: 15-05-2017}
}

@article{manual,
  author  = "{The Tamarin Team}", 
  title   = {Tamarin Prover Manual},
  year    = 2016
}

@online{avcram,
  author = {AVISPA},
  title = {{CRAM-MD5}},
  url = {http://web.archive.org/web/20170605131211/http://www.avispa-project.org/library/CRAM-MD5.html},
  note = {Accessed: 18-05-2017}
}
@online{avapop,
  author = {AVISPA},
  title = {{APOP}},
  url = {http://web.archive.org/web/20170605131226/http://www.avispa-project.org/library/apop.html},
  note = {Accessed: 18-05-2017}
}
@online{avchap,
  author = {AVISPA},
  title = {{CHAP}},
  url = {http://web.archive.org/web/20170605131245/http://www.avispa-project.org/library/CHAPv2.html},
  note = {Accessed: 18-05-2017}
}
@online{avkerb,
  author = {AVISPA},
  title = {{KERBEROS v5}},
  url = {http://web.archive.org/web/20170605131320/http://www.avispa-project.org/library/Kerb-basic.html},
  note = {Accessed: 18-05-2017}
}

@online{cramsecure,
  year = 2013,
  url  = {http://web.archive.org/web/20170605131334/https://security.stackexchange.com/questions/36117/how-secure-is-using-cram-md5-for-email-authentication-when-not-using-an-ssl-con},
  note = {Accessed: 20-05-2017}
}

@online{apoptech,
  title = {{APOP} (Authenticated Post Office Protocol)},
  year = 2016,
  url = {http://web.archive.org/web/20170605131416/http://www.tech-faq.com/apop.html},
  note = {Accessed: 20-05-2017}
}

@online{apoped,
  title = {Authenticated Post Office Protocol ({APOP}) },
  url = {http://web.archive.org/web/20170605131502/https://www.techopedia.com/definition/1632/authenticated-post-office-protocol-apop},
  note = {Accessed: 20-05-2017}
}

@online{chaprfc,
  author = "{Microsoft Corporation}",
  title = {Microsoft {PPP CHAP} Extensions, Version 2},
  year = 2000,
  url = {http://web.archive.org/web/20170605131531/https://tools.ietf.org/html/rfc2759},
  note = {Accessed: 20-05-2017}
}

@online{kerb4end,
  author = {{MIT KERBEROS}},
  title = {Kerberos Version 4 End of Life Announcement},
  year = 2006,
  url = {http://web.archive.org/web/20170605131546/https://web.mit.edu/kerberos/krb4-end-of-life.html},
  note = {Accessed: 20-05-2017}
}

@online{kerb5,
  title = {Explain like I’m 5: Kerberos},
  url = {http://web.archive.org/web/20170605131600/http://www.roguelynn.com/words/explain-like-im-5-kerberos/},
  note = {Accessed: 24-05-2017}
}

@online{asd,
  author = {MultiMedia LLC},
  title = {{MS Windows NT} Kernel Description},
  year = 1999,
  url = {http://web.archive.org/web/20080207010024/http://www.808multimedia.com/winnt/kernel.htm},
  note = {Accessed: 30-09-2010}
}

@online{github1,
  author = {Sabri Özgür},
  title = {{CRAM-MD5} Tamarin Prover model},
  year = 2017,
  url = {https://github.com/Klypnos/tamarin-grad/blob/master/CramMD5.spthy}
}
@online{github2,
  author = {Sabri Özgür},
  title = {{MS-CHAPv2} Tamarin Prover model},
  year = 2017,
  url = {https://github.com/Klypnos/tamarin-grad/blob/master/CHAPv2.spthy}
}
@online{github3,
  author = {Sabri Özgür},
  title = {{APOP} Tamarin Prover model},
  year = 2017,
  url = {https://github.com/Klypnos/tamarin-grad/blob/master/APOP.spthy}
}
@online{github4,
  author = {Sabri Özgür},
  title = {{Kerberos v5} Tamarin Prover model},
  year = 2017,
  url = {https://github.com/Klypnos/tamarin-grad/blob/master/KerberosBasic.spthy}
}
@online{github5,
  author = {Sabri Özgür},
  title = {One Time Password Scheme Tamarin Prover model},
  year = 2017,
  url = {https://github.com/Klypnos/tamarin-grad/blob/master/OTP.spthy}
}
http://isabelle.in.tum.de/coursematerial/PSV2009-1/
@online{isabelle,
  author = {Tobias Nipkow},
  title = {Theorem Proving with Isabelle/HOL
An Intensive Course},
  url = {http://isabelle.in.tum.de/coursematerial/PSV2009-1/}
}
@online{secrec,
  author = "{Sharemind}",
  title = {Sharemind SecreC Compiler and Analyzer },
  url = {https://github.com/sharemind-sdk/secrec}
}
@article{fstar,
  author  = {Cătălin Hriţcu}, 
  title   = {F*: From Program Verification System to Proof Assistant}
}